% Encoding: UTF-8

@Misc{Ref1,
  author        = {Newton C. Braga},
  title         = {Entenda as Especificações dos Diodos de Potência},
  url           = {http://www.newtoncbraga.com.br/index.php/eletronica/52-artigos-diversos/8496-entenda-as-especificacoes-dos-diodos-de-potencia-art1460},
  urlaccessdate = {8 de junho de 2017},
}

@Book{ImagesBoylestad,
  title     = {Dipositivos Eletrônicos e Teoria de Circuitos},
  publisher = {PEARSON},
  year      = {2013},
  author    = {Robert L. Boylestad; Louis Nashelsky},
  volume    = {1},
  edition   = {11ª},
}

@Misc{Ref2,
  author        = {LaboratórioDeGaragem},
  title         = {Como Funciona o Diodo},
  url           = {http://labdegaragem.com/profiles/blogs/como-funciona-o-diodo-e-para-que-serve},
  urlaccessdate = {8 de junho de 2017},
}

@Misc{Ref3,
  author        = {GVensino},
  title         = {Principais parâmetros de um diodo},
  url           = {http://www.gvensino.com.br/aprenda-quais-sao-os-principais-parametros-do-datasheet-de-um-diodo/},
  urlaccessdate = {8 de junho de 2017},
}

@Misc{Image7,
  author        = {Steven Keeping},
  title         = {Structural Defects},
  url           = {https://www.digikey.com/en/articles/techzone/2012/apr/structural-defects-undermine-led-luminosity},
  urlaccessdate = {8 de junho de 2017},
}

@Misc{Image6,
  author        = {Wikipedia},
  title         = {Tunnel Diode},
  url           = {https://en.wikipedia.org/wiki/Tunnel_diode},
  urlaccessdate = {8 de junho de 2017},
}

@Comment{jabref-meta: databaseType:bibtex;}
